@BOOK{Martin,
 	author={Robert C. Martin},
 	title = {Agile Principles, Patterns and Practices in C\#},
 	year = {2007},
 	isbn = {0-31-185725-8},
 	publisher = {Pearson Education Inc.},
 }

@BOOK{Fowler&Rice&Foemmel&Hieatt&Mee&Stafford,
	author={Martin Fowler and David Rice and Mathew Foemmel and Edward Hieat and Robert Mee and Randy Stafford},
	title={Patterns of Enterprise Application Architecture},
	publisher={Addison Wesley},
	year={2002},
	isbn={0-321-12742-0}
}

@BOOK{Bien,
	author={Adam Bien},
	title={Real World Java EE Patterns - Rethinking Best Practices},
	publisher={press.adam-bien.com},
	year={2009},
	isbn={978-0-557-07832-5},
}

@BOOK{Bass&Clements&Kazman,
	author={Len Bass and Paul Clements and Rick Kazman},
	title={Software Architecture in Practice},
	publisher={Addison Wesley},
	year={2003},
	isbn={0-321-15495-9},
}

@BOOK{Alhir,
	author={Simon Si Alhir},
	title={UML in a Nutshell},
	publisher={O'Reilly \& Associates, Inc},
	year={1998},
	isbn={1-56592-448-7},
}

@MISC{SemanticBits,
	Author = {Semantic{B}its},
	year={2011},
	title={Project {M}anagement},
	note={Available online at \url{http://www.semanticbits.com/how_we_do_it/project_management/}. Last visited on June 3rd 2011}
}
